% Encoding: UTF-8

@Online{MOEG2020,
  author  = {{Moeller Operating Engineering GmbH}},
  title   = {Anlagenzertifikat A},
  url     = {https://moe-service.com/zertifizierungsstelle/zertifizierung/anlagenzertifikat-a/},
  urldate = {2020-09-13},
  groups  = {Website},
}

@Online{MOEGH2020,
  author  = {{Moeller Operating Engineering GmbH}},
  title   = {Nachweisverfahren für Netzanschluss von Prototypen gemäß VDE-AR-N 4110:2018},
  url     = {https://moe-service.com/aktuelles/blog/nachweisverfahren-fuer-netzanschluss-von-prototypen-gemaess-vde-ar-n41102018/},
  urldate = {2020-09-13},
  groups  = {Website},
}
@Article{Paolini2018,
  author       = {Valerio Paolini and Francesco Petracchini and Marco Segreto and Laura Tomassetti and Nour Naja and Angelo Cecinato},
  date         = {2018-04-13},
  journaltitle = {{Journal of Environmental Science and Health}},
  title        = {Environmental impact of biogas: A short review of current knowledge},
  doi          = {https://doi.org/10.1080/10934529.2018.1459076},
  groups       = {Papers},
}

@Online{WIKUE2006,
  author     = {{Wuppertal Institut für Klima Umwelt Energie}},
  date       = {2006-01},
  title      = {Analyse und Bewertung derNutzungsmöglichkeiten von Biomasse},
  url        = {https://epub.wupperinst.org/frontdoor/deliver/index/docId/2274/file/2274_Nutzung_Biomasse.pdf},
  subtitle   = {Untersuchung im Auftrag von BGW und DVGW},
  titleaddon = {Band 1: Gesamtergebnisse und Schlussfolgerungen (Wuppertal Institut)},
  urldate    = {2020-06-21},
  groups     = {Papers},
}

@Online{WINDGmbH2018,
  author   = {{WIND-certification GmbH}},
  date     = {07.11.2018},
  title    = {Anlagenzertifikat},
  url      = {https://windenergietage.de/2018/wp-content/uploads/sites/3/2018/11/27WT07_F05_1530_WIND-certification.pdf},
  subtitle = {Zertifizierung der Netzanschlussplanung unter den Bedingungen der neuen Netzanschlussrichtlinien},
  urldate  = {2020-09-13},
  groups   = {Website},
}

@Comment{jabref-meta: databaseType:biblatex;}

@Comment{jabref-meta: grouping:
0 AllEntriesGroup:;
1 StaticGroup:Data\;0\;1\;0x8a8a8aff\;\;\;;
1 StaticGroup:Papers\;0\;1\;0x334db3ff\;\;\;;
1 StaticGroup:Laws\;0\;1\;0xb31a1aff\;\;\;;
1 StaticGroup:Website\;0\;0\;0xb3801aff\;\;\;;
}

@Comment{jabref-meta: saveOrderConfig:specified;bibtexkey;false;author;false;title;false;}
